<record><leader>00000cas a2200000 a 4500</leader><controlfield tag="001">12240511</controlfield><controlfield tag="008">850708d19731975kyubr ne      0    0eng d</controlfield><datafield ind1=" " ind2=" " tag="010"><subfield code="a">sn 85052067 </subfield></datafield><datafield ind1=" " ind2=" " tag="040"><subfield code="a">KNP</subfield><subfield code="b">eng</subfield><subfield code="c">KNP</subfield><subfield code="d">OCL</subfield><subfield code="d">OCLCQ</subfield><subfield code="d">KYUBL</subfield><subfield code="d">OCLCQ</subfield><subfield code="d">OCLCF</subfield><subfield code="d">OCLCO</subfield></datafield><datafield ind1="1" ind2=" " tag="029"><subfield code="a">AU@</subfield><subfield code="b">000020384007</subfield></datafield><datafield ind1="1" ind2=" " tag="029"><subfield code="a">NZ1</subfield><subfield code="b">12684781</subfield></datafield><datafield ind1=" " ind2=" " tag="042"><subfield code="a">msc</subfield></datafield><datafield ind1=" " ind2=" " tag="043"><subfield code="a">n-us-ky</subfield></datafield><datafield ind1="0" ind2=" " tag="130"><subfield code="a">West-end news (Newport, Ky.)</subfield></datafield><datafield ind1="1" ind2="0" tag="245"><subfield code="a">West-end news.</subfield></datafield><datafield ind1=" " ind2=" " tag="260"><subfield code="a">Newport, Ky. :</subfield><subfield code="b">[s.n.],</subfield><subfield code="c">1973-1975.</subfield></datafield><datafield ind1=" " ind2=" " tag="300"><subfield code="a">v. :</subfield><subfield code="b">ill.</subfield></datafield><datafield ind1=" " ind2=" " tag="310"><subfield code="a">Bimonthly,</subfield><subfield code="b">&lt;Aug. 1974&gt;-Jan. 1975</subfield></datafield><datafield ind1=" " ind2=" " tag="321"><subfield code="a">Monthly,</subfield><subfield code="b">Feb. 1973-&lt;June 1974&gt;</subfield></datafield><datafield ind1="0" ind2=" " tag="362"><subfield code="a">[Vol. 1, no. 1] (Feb., 1973)-v. 2, no. 5 (Dec./Jan., [1974]/1975).</subfield></datafield><datafield ind1=" " ind2=" " tag="500"><subfield code="a">Title varies slightly.</subfield></datafield><datafield ind1=" " ind2="0" tag="651"><subfield code="a">Campbell County (Ky.)</subfield><subfield code="v">Newspapers.</subfield></datafield><datafield ind1=" " ind2="0" tag="651"><subfield code="a">Newport (Ky.)</subfield><subfield code="v">Newspapers.</subfield></datafield><datafield ind1=" " ind2="7" tag="655"><subfield code="a">Newspapers.</subfield><subfield code="2">fast</subfield><subfield code="0">(OCoLC)fst01423814</subfield></datafield><datafield ind1=" " ind2="7" tag="651"><subfield code="a">Kentucky</subfield><subfield code="z">Campbell County.</subfield><subfield code="2">fast</subfield><subfield code="0">(OCoLC)fst01213420</subfield></datafield><datafield ind1=" " ind2="7" tag="651"><subfield code="a">Kentucky</subfield><subfield code="z">Newport.</subfield><subfield code="2">fast</subfield><subfield code="0">(OCoLC)fst01226268</subfield></datafield><datafield ind1=" " ind2=" " tag="752"><subfield code="a">United States</subfield><subfield code="b">Kentucky</subfield><subfield code="c">Campbell</subfield><subfield code="d">Newport.</subfield></datafield><datafield ind1="0" ind2="0" tag="785"><subfield code="t">Newport news (Newport, Ky.)</subfield><subfield code="w">(DLC)sn 85052068</subfield></datafield></record>